@book{NetworkBook1,
author = "Е.П. Угрюмов and Р.И. Грушвицкий",
title = "Проектирование цифровых узлов на микросхемах программируемой логики: Методические указания к курсовому проектированию",
address = "СПб",
publisher = "Изд-во СПбГЭТУ <<ЛЭТИ>>",
year = 2011,
numpages = 32,
language = "russian"
}